% GENERAL
@book{NFC,
author="Tom Igoe and Don Coleman  and Brian Jepson",
title="Beginning NFC: Near Field Communication with Arduino, Android, and PhoneGap",
year=2014,
publisher="O’Reilly Media, Inc.",
address="1005 Gravenstein Hwy N Sebastopol, CA 95472 California."}

@article{sipi.eltiempo,
 author  = {Vivas, Julian},
 date    = {2019-03-12},
 title   = {Los 1.710 poblados que aún se alumbran con velas en el país},
 journal = {El Tiempo},
 url     = {https://www.eltiempo.com/colombia/otras-ciudades/los-lugares-que-aun-viven-sin-energia-electrica-en-colombia-325892},
 urldate = {2020-03-04}
}

@article{sipi.eltiempo-2,
 author  = {Vivas, Julian},
 date    = {2019-03-12},
 title   = {El mapa de 1.710 poblados que aún se alumbran con velas en Colombia},
 journal = {El Tiempo},
 url     = {https://www.eltiempo.com/colombia/otras-ciudades/los-lugares-que-aun-viven-sin-energia-electrica-en-colombia-325892},
 urldate = {2020-03-04}
}

@MISC{img:connectors,
    author = {{FS}},
    title = {PC vs UPC vs APC Connector: Selecting the Right Fiber Connector Type},
    year = {2020},
    note = {[Online; accessed December 26, 2021]},
    url = {https://community.fs.com/blog/pc-vs-upc-vs-apc-connector-selecting-the-right-fiber-connector-type.html}
}

@MISC{eolienne:turbine,
    author = {{Dorothy Pomerantz}},
    title = {Size Matters: The Next Big Thing In Wind Turbines},
    year = {2017},
    note = {[Online; accessed March 26, 2020]},
    url = {https://s3.amazonaws.com/dsg.files.app.content.prod/gereports/wp-content/uploads/2017/09/12121430/wind-onshore-48-158-3d-landscape-1-3000px-768x432.jpg}
}

@MISC{bib:microbarrage,
    author = {{Gbassikolo}},
    title = {Un jeune étudiant construit un micro barrage hydroélectrique pour alimenter l’exploitation familiale et l’éclairage public},
    year = {2016},
    note = {[Online; accessed Fevrier 22, 2020]},
    url = {http://gbassikolo.com/un-jeune-etudiant-construit-un-micro-barrage-hydroelectrique-pour-alimenter-lexploitation-familiale-et-leclairage-public/}
}

@MISC{bib:mecamidi:logo,
    author = {{Mecamidi HPP India Pvt Ltd}},
    title = {Logo},
    year = {2016},
    note = {[Online; accessed Fevrier 27, 2020]},
    url = {https://www.mouthshut.com/product-reviews/Mecamidi-HPP-India-Pvt-Ltd-Photos-925880688}
}

@INPROCEEDINGS{8928661,  author={Y. {Udoakah} and E. {Mudaheranwa} and L. {Cipcigan}},  booktitle={2019 IEEE PES/IAS PowerAfrica},  title={Municipal Street Lighting Systems Energy Cost and Carbon Footprint Estimation in Uyo, Nigeria},   year={2019},  volume={},  number={},  pages={476-481},}

@MISC{bib:mecamidi:tkastz,
    author = {{Mecamidi HPP India Pvt Ltd}},
    title = {Micro Hydro - Tkastz},
    year = {2016},
    note = {[Online; accessed Avril 8, 2020]},
    url = {http://www.mecamidi.com/reference_centrale_hydraulique_micro--Tkastz\%20-\%20ItalieTurbine\%20Kaplan1\%20x\%20169\%20kW--14--FR}
}

@MISC{ideam:atlas-sol,
    author = {{IDEAM - Instituto de Hidrología, Meteorología y Estudios Ambientales}},
    title = {Atlas de Radiación Solar, Ultravioleta y Ozono de Colombia},
    year = {2020},
    note = {[Online; accessed Avril 8, 2020]},
    url = {http://atlas.ideam.gov.co/visorAtlasRadiacion.html}
}
@MISC{ideam:atlas-viento,
    author = {{IDEAM - Instituto de Hidrología, Meteorología y Estudios Ambientales}},
    title = {Atlas de Viento de Colombia},
    year = {2020},
    note = {[Online; accessed Avril 8, 2020]},
    url = {http://atlas.ideam.gov.co/visorAtlasRadiacion.html}
}
@MISC{bib:best-turbines,
    author = {{Maria Grimwood}},
    title = {Best Home Wind Turbines},
    year = {2019},
    note = {[Online; accessed Avril 13, 2020]},
    url = {https://www.renewableresourcescoalition.org/best-home-wind-turbines/}
}

@MISC{bib:san-miguel-sipi,
    author = {{Dispac}},
    title = {INTERCONEXIÓN ELÉCTRICA SAN MIGUEL – SIPÍ A 13.200 VOLTIOS},
    year = {2017},
    note = {[Online; accessed Avril 13, 2020]},
    url = {http://dispac.com.co/contratos/interconexion-electrica-san-miguel-sipi-a-13-200-voltios/}
}

@manual{solar:panel,
    organization  = "Amerisolar",
    title         = "Polycristaline Module",
    number        = "AS-6P30",
    year          =  2017,
    month         =  3,    
    note          = "Rev. 3"
}

@INPROCEEDINGS{Photovoltaic,  author={S. {Karabanov} and Y. {Kukhmistrov} and B. {Miedzinski} and Z. {Okraszewski}},  booktitle={2010 Modern Electric Power Systems},  title={Photovoltaic systems},   year={2010},  volume={},  number={},  pages={1-5},}

@ARTICLE{7927779,  author={F. {Blaabjerg} and K. {Ma}},  journal={Proceedings of the IEEE},  title={Wind Energy Systems},   year={2017},  volume={105},  number={11},  pages={2116-2131},}

@INPROCEEDINGS{bib:wind-power, author={S. I. {Al-Majed} and T. {Fujigaki}}, booktitle={2010 Modern Electric Power Systems}, title={Wind power generation: An overview}, year={2010}, volume={}, number={}, pages={1-6},}

@article{Cerchoco,
title = "A Verification Study for Grid-Connected 20 kW Solar PV System Operating in Chocó, Colombia",
journal = "Energy Procedia",
volume = "141",
pages = "96 - 101",
year = "2017",
note = "Power and Energy Systems Engineering",
issn = "1876-6102",
doi = "https://doi.org/10.1016/j.egypro.2017.11.019",
url = "http://www.sciencedirect.com/science/article/pii/S1876610217354255",
author = "Edison Banguero and Andrés Julián Aristizábal and William Murillo",
keywords = "Photovoltaic system, renewable energy, solar energy, monitoring",
abstract = "In this paper we present the results of monitoring a building integrated photovoltaic (BIPV) system, which was installed in Medio San Juan (Andagoya), Colombia. The system is operating in the Building of Renewable Energy of Chocó – CERCHOCO – and it is composed of a 20 kW photovoltaic generator connected to the electrical grid through a 20 kW three-phase inverter. We installed a monitoring system for measuring and analyzing the performance and power quality of the BIPV system. The meteorological and solar radiation data in the site of installation are also analyzed to correlate with system performance. On the basis of 2016 monitoring results, the performance of the BIPV system has been analyzed for component perspective (PV array and inverter) and global perspective (system efficiency, electrical energy and power quality etc.). Energy analysis and economic evaluation revealed that to get a trade off between energy and economic viability, the BIPVS installations must be heavily subsidized."
}
